{
  "leader": "00810nam a2200241Ii 4500",
  "fields": [
    {
      "001": "bslw09818897"
    },
    {
      "003": "UtOrBLW"
    },
    {
      "005": "20211104094342.0"
    },
    {
      "008": "211104s1950\\\\\\\\gw\\a\\\\\\\\\\\\\\\\\\\\\\\\\\\\\\\\ger\\u"
    },
    {
      "040": {
        "ind1": "\\",
        "ind2": "\\",
        "subfields": [
          {
            "a": "UtOrBLW"
          },
          {
            "b": "eng"
          },
          {
            "e": "rda"
          },
          {
            "c": "UtOrBLW"
          }
        ]
      }
    },
    {
      "082": {
        "ind1": "0",
        "ind2": "4",
        "subfields": [
          {
            "a": "610.924"
          },
          {
            "b": "LOE"
          }
        ]
      }
    },
    {
      "100": {
        "ind1": "1",
        "ind2": "\\",
        "subfields": [
          {
            "a": "Loewe, Hans,"
          },
          {
            "d": "1879-"
          },
          {
            "e": "author"
          }
        ]
      }
    },
    {
      "245": {
        "ind1": "1",
        "ind2": "0",
        "subfields": [
          {
            "a": "Paul Ehrlich :"
          },
          {
            "b": "Scho\u0308pfer der Chemotherapie /"
          },
          {
            "c": "von Hans Loewe."
          }
        ]
      }
    },
    {
      "264": {
        "ind1": "\\",
        "ind2": "1",
        "subfields": [
          {
            "a": "Stuttgart :"
          },
          {
            "b": "Wissenschaftliche Verlagsges.,"
          },
          {
            "c": "1950."
          }
        ]
      }
    },
    {
      "300": {
        "ind1": "\\",
        "ind2": "\\",
        "subfields": [
          {
            "a": "255 pages :"
          },
          {
            "b": "illustrations ;"
          },
          {
            "c": "22 cm."
          }
        ]
      }
    },
    {
      "336": {
        "ind1": "\\",
        "ind2": "\\",
        "subfields": [
          {
            "a": "text"
          },
          {
            "b": "txt"
          },
          {
            "2": "rdacontent"
          }
        ]
      }
    },
    {
      "337": {
        "ind1": "\\",
        "ind2": "\\",
        "subfields": [
          {
            "a": "unmediated"
          },
          {
            "b": "n"
          },
          {
            "2": "rdamedia"
          }
        ]
      }
    },
    {
      "338": {
        "ind1": "\\",
        "ind2": "\\",
        "subfields": [
          {
            "a": "volume"
          },
          {
            "b": "nc"
          },
          {
            "2": "rdacarrier"
          }
        ]
      }
    },
    {
      "490": {
        "ind1": "1",
        "ind2": "\\",
        "subfields": [
          {
            "a": "Grosse Naturforscher ;"
          },
          {
            "v": "Band 8"
          }
        ]
      }
    },
    {
      "600": {
        "ind1": "1",
        "ind2": "0",
        "subfields": [
          {
            "a": "Ehrlich, Paul,"
          },
          {
            "d": "1854-1915."
          }
        ]
      }
    },
    {
      "650": {
        "ind1": "\\",
        "ind2": "0",
        "subfields": [
          {
            "a": "Medical scientists"
          },
          {
            "z": "Germany"
          },
          {
            "v": "Biography."
          }
        ]
      }
    },
    {
      "830": {
        "ind1": "\\",
        "ind2": "0",
        "subfields": [
          {
            "a": "Grosse Naturforscher ;"
          },
          {
            "v": "Bd. 8."
          }
        ]
      }
    },
    {
      "999": {
        "ind1": "\\",
        "ind2": "\\",
        "subfields": [
          {
            "a": "00000000012390"
          }
        ]
      }
    }
  ]
}